<record><leader>00000cas a22000007a 4500</leader><controlfield tag="001">38059549</controlfield><controlfield tag="008">971209d1990199uvauuu ne      0    0eng d</controlfield><datafield ind1=" " ind2=" " tag="010"><subfield code="a">sn 97066045 </subfield></datafield><datafield ind1=" " ind2=" " tag="040"><subfield code="a">NVK</subfield><subfield code="b">eng</subfield><subfield code="c">NVK</subfield><subfield code="d">OCLCQ</subfield><subfield code="d">OCLCF</subfield><subfield code="d">OCLCO</subfield></datafield><datafield ind1=" " ind2=" " tag="019"><subfield code="a">8408082</subfield></datafield><datafield ind1="1" ind2=" " tag="029"><subfield code="a">AU@</subfield><subfield code="b">000013651808</subfield></datafield><datafield ind1=" " ind2=" " tag="042"><subfield code="a">msc</subfield></datafield><datafield ind1=" " ind2=" " tag="043"><subfield code="a">n-us-va</subfield></datafield><datafield ind1="0" ind2=" " tag="130"><subfield code="a">Panther (Richmond, Va. : 1990)</subfield></datafield><datafield ind1="1" ind2="4" tag="245"><subfield code="a">The Panther.</subfield></datafield><datafield ind1=" " ind2=" " tag="260"><subfield code="a">[Richmond, Va.] :</subfield><subfield code="b">Virginia Union University,</subfield><subfield code="c">1990-</subfield></datafield><datafield ind1=" " ind2=" " tag="300"><subfield code="a">v.</subfield></datafield><datafield ind1="0" ind2=" " tag="362"><subfield code="a">Vol. 1, no. 1 (spring 1990)-</subfield></datafield><datafield ind1="2" ind2="0" tag="610"><subfield code="a">Virginia Union University (Richmond, Va.)</subfield><subfield code="v">Newspapers.</subfield></datafield><datafield ind1=" " ind2="0" tag="651"><subfield code="a">Richmond (Va.)</subfield><subfield code="v">Newspapers.</subfield></datafield><datafield ind1=" " ind2="7" tag="655"><subfield code="a">Newspapers.</subfield><subfield code="2">fast</subfield><subfield code="0">(OCoLC)fst01423814</subfield></datafield><datafield ind1="2" ind2="7" tag="610"><subfield code="a">Virginia Union University (Richmond, Va.)</subfield><subfield code="2">fast</subfield><subfield code="0">(OCoLC)fst00583631</subfield></datafield><datafield ind1=" " ind2="7" tag="651"><subfield code="a">Virginia</subfield><subfield code="z">Richmond.</subfield><subfield code="2">fast</subfield><subfield code="0">(OCoLC)fst01205345</subfield></datafield><datafield ind1="2" ind2=" " tag="710"><subfield code="a">Virginia Union University (Richmond, Va.)</subfield></datafield><datafield ind1=" " ind2=" " tag="752"><subfield code="a">United States</subfield><subfield code="b">Virginia</subfield><subfield code="d">Richmond.</subfield></datafield><datafield ind1="0" ind2="0" tag="780"><subfield code="t">University herald (Richmond, Va.)</subfield><subfield code="w">(DLC)sn 97066037</subfield></datafield><datafield ind1="0" ind2="0" tag="785"><subfield code="t">VUU informer (Richmond, Va. : 1991)</subfield><subfield code="w">(DLC)sn 97066038</subfield></datafield></record>